%YAML 1.1
%TAG !u! tag:unity3d.com,2011:
--- !u!1 &472090581
GameObject:
  m_ObjectHideFlags: 0
  m_CorrespondingSourceObject: {fileID: 0}
  m_PrefabInstance: {fileID: 0}
  m_PrefabAsset: {fileID: 0}
  serializedVersion: 6
  m_Component:
  - component: {fileID: 472090582}
  m_Layer: 12
  m_Name: CameraPosition
  m_TagString: Untagged
  m_Icon: {fileID: 0}
  m_NavMeshLayer: 0
  m_StaticEditorFlags: 0
  m_IsActive: 1
--- !u!4 &472090582
Transform:
  m_ObjectHideFlags: 0
  m_CorrespondingSourceObject: {fileID: 0}
  m_PrefabInstance: {fileID: 0}
  m_PrefabAsset: {fileID: 0}
  m_GameObject: {fileID: 472090581}
  m_LocalRotation: {x: -0.008726465, y: 0, z: 0, w: 0.999962}
  m_LocalPosition: {x: 0, y: 1.29, z: -1.46}
  m_LocalScale: {x: 1, y: 1, z: 1}
  m_Children: []
  m_Father: {fileID: 4973188255722006}
  m_RootOrder: 1
  m_LocalEulerAnglesHint: {x: -1, y: 0, z: 0}
--- !u!1 &1023130540863056
GameObject:
  m_ObjectHideFlags: 0
  m_CorrespondingSourceObject: {fileID: 0}
  m_PrefabInstance: {fileID: 0}
  m_PrefabAsset: {fileID: 0}
  serializedVersion: 6
  m_Component:
  - component: {fileID: 4432138819274750}
  m_Layer: 12
  m_Name: Bip001 L Foot
  m_TagString: Untagged
  m_Icon: {fileID: 0}
  m_NavMeshLayer: 0
  m_StaticEditorFlags: 0
  m_IsActive: 1
--- !u!4 &4432138819274750
Transform:
  m_ObjectHideFlags: 0
  m_CorrespondingSourceObject: {fileID: 0}
  m_PrefabInstance: {fileID: 0}
  m_PrefabAsset: {fileID: 0}
  m_GameObject: {fileID: 1023130540863056}
  m_LocalRotation: {x: -0.000000021906645, y: -0.00000004089681, z: -0.09349672, w: 0.9956196}
  m_LocalPosition: {x: -0.1297604, y: 0.0000000011920929, z: 0}
  m_LocalScale: {x: 1, y: 0.99999994, z: 1}
  m_Children:
  - {fileID: 4790894421116552}
  m_Father: {fileID: 4630771610999850}
  m_RootOrder: 0
  m_LocalEulerAnglesHint: {x: -0.041708704, y: -0.16481927, z: -11.1588}
--- !u!1 &1054576559397786
GameObject:
  m_ObjectHideFlags: 0
  m_CorrespondingSourceObject: {fileID: 0}
  m_PrefabInstance: {fileID: 0}
  m_PrefabAsset: {fileID: 0}
  serializedVersion: 6
  m_Component:
  - component: {fileID: 4312086004184354}
  m_Layer: 12
  m_Name: Bip001 Pelvis
  m_TagString: Untagged
  m_Icon: {fileID: 0}
  m_NavMeshLayer: 0
  m_StaticEditorFlags: 0
  m_IsActive: 1
--- !u!4 &4312086004184354
Transform:
  m_ObjectHideFlags: 0
  m_CorrespondingSourceObject: {fileID: 0}
  m_PrefabInstance: {fileID: 0}
  m_PrefabAsset: {fileID: 0}
  m_GameObject: {fileID: 1054576559397786}
  m_LocalRotation: {x: -0.49999967, y: 0.50000036, z: 0.49999967, w: 0.50000036}
  m_LocalPosition: {x: -0, y: 0, z: 0}
  m_LocalScale: {x: 1, y: 1, z: 1}
  m_Children:
  - {fileID: 4224692865184956}
  m_Father: {fileID: 4281275049633544}
  m_RootOrder: 0
  m_LocalEulerAnglesHint: {x: -90, y: 90, z: 0}
--- !u!1 &1057975696449890
GameObject:
  m_ObjectHideFlags: 0
  m_CorrespondingSourceObject: {fileID: 0}
  m_PrefabInstance: {fileID: 0}
  m_PrefabAsset: {fileID: 0}
  serializedVersion: 6
  m_Component:
  - component: {fileID: 4683293061063748}
  - component: {fileID: 137092256261451798}
  m_Layer: 12
  m_Name: SD_Chatacter_uv001
  m_TagString: Untagged
  m_Icon: {fileID: 0}
  m_NavMeshLayer: 0
  m_StaticEditorFlags: 0
  m_IsActive: 1
--- !u!4 &4683293061063748
Transform:
  m_ObjectHideFlags: 0
  m_CorrespondingSourceObject: {fileID: 0}
  m_PrefabInstance: {fileID: 0}
  m_PrefabAsset: {fileID: 0}
  m_GameObject: {fileID: 1057975696449890}
  m_LocalRotation: {x: -0.7071068, y: 0, z: -0, w: 0.7071068}
  m_LocalPosition: {x: 0, y: 0, z: 0}
  m_LocalScale: {x: 1, y: 1, z: 1}
  m_Children: []
  m_Father: {fileID: 4328416976777432}
  m_RootOrder: 4
  m_LocalEulerAnglesHint: {x: 0, y: 0, z: 0}
--- !u!137 &137092256261451798
SkinnedMeshRenderer:
  m_ObjectHideFlags: 0
  m_CorrespondingSourceObject: {fileID: 0}
  m_PrefabInstance: {fileID: 0}
  m_PrefabAsset: {fileID: 0}
  m_GameObject: {fileID: 1057975696449890}
  m_Enabled: 1
  m_CastShadows: 0
  m_ReceiveShadows: 0
  m_DynamicOccludee: 0
  m_MotionVectors: 2
  m_LightProbeUsage: 0
  m_ReflectionProbeUsage: 0
  m_RenderingLayerMask: 4294967295
  m_RendererPriority: 0
  m_Materials:
  - {fileID: 2100000, guid: 7af49aeb1d9fe08499dfd48b4b05d49e, type: 2}
  m_StaticBatchInfo:
    firstSubMesh: 0
    subMeshCount: 0
  m_StaticBatchRoot: {fileID: 0}
  m_ProbeAnchor: {fileID: 0}
  m_LightProbeVolumeOverride: {fileID: 0}
  m_ScaleInLightmap: 1
  m_PreserveUVs: 0
  m_IgnoreNormalsForChartDetection: 0
  m_ImportantGI: 0
  m_StitchLightmapSeams: 0
  m_SelectedEditorRenderState: 3
  m_MinimumChartSize: 4
  m_AutoUVMaxDistance: 0.5
  m_AutoUVMaxAngle: 89
  m_LightmapParameters: {fileID: 0}
  m_SortingLayerID: 0
  m_SortingLayer: 0
  m_SortingOrder: 0
  serializedVersion: 2
  m_Quality: 0
  m_UpdateWhenOffscreen: 0
  m_SkinnedMotionVectors: 1
  m_Mesh: {fileID: 4300004, guid: 03ecf65d34ce0a94aa05f763e553da6e, type: 3}
  m_Bones:
  - {fileID: 4312086004184354}
  - {fileID: 4224692865184956}
  - {fileID: 4106466984927684}
  - {fileID: 4091973521026930}
  - {fileID: 4666299669738554}
  - {fileID: 4908635778539038}
  - {fileID: 4630771610999850}
  - {fileID: 4224053736533312}
  - {fileID: 4014089775615484}
  - {fileID: 4393733843754654}
  - {fileID: 4479960793969512}
  - {fileID: 4619280455291750}
  - {fileID: 4826823186732806}
  - {fileID: 4852642237383766}
  m_BlendShapeWeights: []
  m_RootBone: {fileID: 4312086004184354}
  m_AABB:
    m_Center: {x: -0.43796316, y: -0.04461348, z: 0.0000039339066}
    m_Extent: {x: 0.74747527, y: 0.37512574, z: 0.6686299}
  m_DirtyAABB: 0
--- !u!1 &1105226713260664
GameObject:
  m_ObjectHideFlags: 0
  m_CorrespondingSourceObject: {fileID: 0}
  m_PrefabInstance: {fileID: 0}
  m_PrefabAsset: {fileID: 0}
  serializedVersion: 6
  m_Component:
  - component: {fileID: 4908635778539038}
  m_Layer: 12
  m_Name: Bip001 R Thigh
  m_TagString: Untagged
  m_Icon: {fileID: 0}
  m_NavMeshLayer: 0
  m_StaticEditorFlags: 0
  m_IsActive: 1
--- !u!4 &4908635778539038
Transform:
  m_ObjectHideFlags: 0
  m_CorrespondingSourceObject: {fileID: 0}
  m_PrefabInstance: {fileID: 0}
  m_PrefabAsset: {fileID: 0}
  m_GameObject: {fileID: 1105226713260664}
  m_LocalRotation: {x: -0.006764644, y: 0.9999771, z: 0.0000014647051, w: -0.000000009908435}
  m_LocalPosition: {x: 0.07880381, y: 0.00016956448, z: -0.1588285}
  m_LocalScale: {x: 1, y: 1.0000001, z: 1}
  m_Children:
  - {fileID: 4666299669738554}
  m_Father: {fileID: 4224692865184956}
  m_RootOrder: 1
  m_LocalEulerAnglesHint: {x: 0.002494085, y: -177.39323, z: -11.1132965}
--- !u!1 &1120227820462366
GameObject:
  m_ObjectHideFlags: 0
  m_CorrespondingSourceObject: {fileID: 0}
  m_PrefabInstance: {fileID: 0}
  m_PrefabAsset: {fileID: 0}
  serializedVersion: 6
  m_Component:
  - component: {fileID: 4619280455291750}
  m_Layer: 12
  m_Name: Bip001 R UpperArm
  m_TagString: Untagged
  m_Icon: {fileID: 0}
  m_NavMeshLayer: 0
  m_StaticEditorFlags: 0
  m_IsActive: 1
--- !u!4 &4619280455291750
Transform:
  m_ObjectHideFlags: 0
  m_CorrespondingSourceObject: {fileID: 0}
  m_PrefabInstance: {fileID: 0}
  m_PrefabAsset: {fileID: 0}
  m_GameObject: {fileID: 1120227820462366}
  m_LocalRotation: {x: 0.028405335, y: 0.49385837, z: -0.041121207, w: 0.86810493}
  m_LocalPosition: {x: -0.09986198, y: 0, z: -0.000000076293944}
  m_LocalScale: {x: 1, y: 1, z: 1}
  m_Children:
  - {fileID: 4479960793969512}
  m_Father: {fileID: 4393733843754654}
  m_RootOrder: 0
  m_LocalEulerAnglesHint: {x: -73.5116, y: 85.3595, z: -68.7786}
--- !u!1 &1151555182338658
GameObject:
  m_ObjectHideFlags: 0
  m_CorrespondingSourceObject: {fileID: 0}
  m_PrefabInstance: {fileID: 0}
  m_PrefabAsset: {fileID: 0}
  serializedVersion: 6
  m_Component:
  - component: {fileID: 4852642237383766}
  m_Layer: 12
  m_Name: Bip001 L UpperArm
  m_TagString: Untagged
  m_Icon: {fileID: 0}
  m_NavMeshLayer: 0
  m_StaticEditorFlags: 0
  m_IsActive: 1
--- !u!4 &4852642237383766
Transform:
  m_ObjectHideFlags: 0
  m_CorrespondingSourceObject: {fileID: 0}
  m_PrefabInstance: {fileID: 0}
  m_PrefabAsset: {fileID: 0}
  m_GameObject: {fileID: 1151555182338658}
  m_LocalRotation: {x: -0.028405335, y: -0.49385837, z: -0.041121207, w: 0.86810493}
  m_LocalPosition: {x: -0.099861965, y: -0.0000000011920929, z: 0.000000076293944}
  m_LocalScale: {x: 1, y: 1, z: 1}
  m_Children:
  - {fileID: 4014089775615484}
  m_Father: {fileID: 4826823186732806}
  m_RootOrder: 0
  m_LocalEulerAnglesHint: {x: 7.4617224, y: -46.93887, z: -1.0131311}
--- !u!1 &1167821299962212
GameObject:
  m_ObjectHideFlags: 0
  m_CorrespondingSourceObject: {fileID: 0}
  m_PrefabInstance: {fileID: 0}
  m_PrefabAsset: {fileID: 0}
  serializedVersion: 6
  m_Component:
  - component: {fileID: 4188797599250848}
  m_Layer: 12
  m_Name: Bip001 L Finger0
  m_TagString: Untagged
  m_Icon: {fileID: 0}
  m_NavMeshLayer: 0
  m_StaticEditorFlags: 0
  m_IsActive: 1
--- !u!4 &4188797599250848
Transform:
  m_ObjectHideFlags: 0
  m_CorrespondingSourceObject: {fileID: 0}
  m_PrefabInstance: {fileID: 0}
  m_PrefabAsset: {fileID: 0}
  m_GameObject: {fileID: 1167821299962212}
  m_LocalRotation: {x: -0.00039813857, y: -0.000000007450581, z: -2.9663637e-12, w: 0.99999994}
  m_LocalPosition: {x: -0.032440107, y: 0, z: 0.000000009536743}
  m_LocalScale: {x: 1, y: 1.0000001, z: 1}
  m_Children: []
  m_Father: {fileID: 4499631276252796}
  m_RootOrder: 0
  m_LocalEulerAnglesHint: {x: -0.045623194, y: -0.00000073978924, z: 0}
--- !u!1 &1186334024482830
GameObject:
  m_ObjectHideFlags: 0
  m_CorrespondingSourceObject: {fileID: 0}
  m_PrefabInstance: {fileID: 0}
  m_PrefabAsset: {fileID: 0}
  serializedVersion: 6
  m_Component:
  - component: {fileID: 4369179727325414}
  m_Layer: 12
  m_Name: Bip001 R Toe0
  m_TagString: Untagged
  m_Icon: {fileID: 0}
  m_NavMeshLayer: 0
  m_StaticEditorFlags: 0
  m_IsActive: 1
--- !u!4 &4369179727325414
Transform:
  m_ObjectHideFlags: 0
  m_CorrespondingSourceObject: {fileID: 0}
  m_PrefabInstance: {fileID: 0}
  m_PrefabAsset: {fileID: 0}
  m_GameObject: {fileID: 1186334024482830}
  m_LocalRotation: {x: 9.663525e-22, y: 9.663525e-22, z: -0.7071068, w: 0.7071068}
  m_LocalPosition: {x: -0.00596459, y: 0.038408842, z: 0}
  m_LocalScale: {x: 1, y: 1, z: 1}
  m_Children: []
  m_Father: {fileID: 4176196993528816}
  m_RootOrder: 0
  m_LocalEulerAnglesHint: {x: -0.0000059183044, y: -1.4992256e-11, z: -90}
--- !u!1 &1207112716659742
GameObject:
  m_ObjectHideFlags: 0
  m_CorrespondingSourceObject: {fileID: 0}
  m_PrefabInstance: {fileID: 0}
  m_PrefabAsset: {fileID: 0}
  serializedVersion: 6
  m_Component:
  - component: {fileID: 4973188255722006}
  - component: {fileID: 1322997964}
  - component: {fileID: 1430605093087959258}
  - component: {fileID: 6178064924325207195}
  - component: {fileID: 7562117126939345499}
  - component: {fileID: 2721277439646173215}
  m_Layer: 12
  m_Name: Hero
  m_TagString: Untagged
  m_Icon: {fileID: 0}
  m_NavMeshLayer: 0
  m_StaticEditorFlags: 0
  m_IsActive: 1
--- !u!4 &4973188255722006
Transform:
  m_ObjectHideFlags: 0
  m_CorrespondingSourceObject: {fileID: 0}
  m_PrefabInstance: {fileID: 0}
  m_PrefabAsset: {fileID: 0}
  m_GameObject: {fileID: 1207112716659742}
  m_LocalRotation: {x: 0, y: 0.94125557, z: 0, w: 0.33769512}
  m_LocalPosition: {x: 0, y: 0, z: 0}
  m_LocalScale: {x: 1, y: 1, z: 1}
  m_Children:
  - {fileID: 4328416976777432}
  - {fileID: 472090582}
  m_Father: {fileID: 0}
  m_RootOrder: 0
  m_LocalEulerAnglesHint: {x: 0, y: 140.527, z: 0}
--- !u!195 &1322997964
NavMeshAgent:
  m_ObjectHideFlags: 0
  m_CorrespondingSourceObject: {fileID: 0}
  m_PrefabInstance: {fileID: 0}
  m_PrefabAsset: {fileID: 0}
  m_GameObject: {fileID: 1207112716659742}
  m_Enabled: 0
  m_AgentTypeID: 0
  m_Radius: 0.15
  m_Speed: 1.5
  m_Acceleration: 8
  avoidancePriority: 50
  m_AngularSpeed: 120
  m_StoppingDistance: 0
  m_AutoTraverseOffMeshLink: 1
  m_AutoBraking: 1
  m_AutoRepath: 1
  m_Height: 0.6
  m_BaseOffset: 0
  m_WalkableMask: 4294967295
  m_ObstacleAvoidanceType: 4
--- !u!114 &1430605093087959258
MonoBehaviour:
  m_ObjectHideFlags: 0
  m_CorrespondingSourceObject: {fileID: 0}
  m_PrefabInstance: {fileID: 0}
  m_PrefabAsset: {fileID: 0}
  m_GameObject: {fileID: 1207112716659742}
  m_Enabled: 1
  m_EditorHideFlags: 0
  m_Script: {fileID: 11500000, guid: dd968d7c7e8ed9f4aa0596ab34545f21, type: 3}
  m_Name: 
  m_EditorClassIdentifier: 
  Boy: {fileID: 1402107823}
  SnowballPosition: {fileID: 1326677171922306}
  HeroDamageBehaviour: {fileID: 0}
  RotationSpeed: 0.03
  CameraPosition: {fileID: 472090581}
--- !u!114 &6178064924325207195
MonoBehaviour:
  m_ObjectHideFlags: 0
  m_CorrespondingSourceObject: {fileID: 0}
  m_PrefabInstance: {fileID: 0}
  m_PrefabAsset: {fileID: 0}
  m_GameObject: {fileID: 1207112716659742}
  m_Enabled: 1
  m_EditorHideFlags: 0
  m_Script: {fileID: 11500000, guid: 57c2cebde1fabde46bff5407d3cebe00, type: 3}
  m_Name: 
  m_EditorClassIdentifier: 
  BoyModelBehaviour: {fileID: 0}
--- !u!136 &7562117126939345499
CapsuleCollider:
  m_ObjectHideFlags: 0
  m_CorrespondingSourceObject: {fileID: 0}
  m_PrefabInstance: {fileID: 0}
  m_PrefabAsset: {fileID: 0}
  m_GameObject: {fileID: 1207112716659742}
  m_Material: {fileID: 0}
  m_IsTrigger: 0
  m_Enabled: 1
  m_Radius: 0.14189035
  m_Height: 0.5848875
  m_Direction: 1
  m_Center: {x: 0.0039081275, y: 0.27598727, z: -0.007697314}
--- !u!114 &2721277439646173215
MonoBehaviour:
  m_ObjectHideFlags: 0
  m_CorrespondingSourceObject: {fileID: 0}
  m_PrefabInstance: {fileID: 0}
  m_PrefabAsset: {fileID: 0}
  m_GameObject: {fileID: 1207112716659742}
  m_Enabled: 1
  m_EditorHideFlags: 0
  m_Script: {fileID: 11500000, guid: c393b65747c83524db731c766ba79275, type: 3}
  m_Name: 
  m_EditorClassIdentifier: 
  Rejection: 0.1
--- !u!1 &1236983943556652
GameObject:
  m_ObjectHideFlags: 0
  m_CorrespondingSourceObject: {fileID: 0}
  m_PrefabInstance: {fileID: 0}
  m_PrefabAsset: {fileID: 0}
  serializedVersion: 6
  m_Component:
  - component: {fileID: 4281275049633544}
  m_Layer: 12
  m_Name: Bip001
  m_TagString: Untagged
  m_Icon: {fileID: 0}
  m_NavMeshLayer: 0
  m_StaticEditorFlags: 0
  m_IsActive: 1
--- !u!4 &4281275049633544
Transform:
  m_ObjectHideFlags: 0
  m_CorrespondingSourceObject: {fileID: 0}
  m_PrefabInstance: {fileID: 0}
  m_PrefabAsset: {fileID: 0}
  m_GameObject: {fileID: 1236983943556652}
  m_LocalRotation: {x: -0.50000036, y: 0.49999967, z: 0.49999967, w: 0.50000036}
  m_LocalPosition: {x: -0, y: 0.28552094, z: 0.010265879}
  m_LocalScale: {x: 1, y: 1, z: 1}
  m_Children:
  - {fileID: 4312086004184354}
  m_Father: {fileID: 4328416976777432}
  m_RootOrder: 0
  m_LocalEulerAnglesHint: {x: -90, y: 89.99989, z: 0}
--- !u!1 &1242545843935320
GameObject:
  m_ObjectHideFlags: 0
  m_CorrespondingSourceObject: {fileID: 0}
  m_PrefabInstance: {fileID: 0}
  m_PrefabAsset: {fileID: 0}
  serializedVersion: 6
  m_Component:
  - component: {fileID: 4001544179074260}
  - component: {fileID: 137804079340378422}
  m_Layer: 12
  m_Name: Usual Face
  m_TagString: Untagged
  m_Icon: {fileID: 0}
  m_NavMeshLayer: 0
  m_StaticEditorFlags: 0
  m_IsActive: 1
--- !u!4 &4001544179074260
Transform:
  m_ObjectHideFlags: 0
  m_CorrespondingSourceObject: {fileID: 0}
  m_PrefabInstance: {fileID: 0}
  m_PrefabAsset: {fileID: 0}
  m_GameObject: {fileID: 1242545843935320}
  m_LocalRotation: {x: -0.7071068, y: 0, z: -0, w: 0.7071068}
  m_LocalPosition: {x: -0, y: 0, z: 0}
  m_LocalScale: {x: 1, y: 1, z: 1}
  m_Children: []
  m_Father: {fileID: 4328416976777432}
  m_RootOrder: 1
  m_LocalEulerAnglesHint: {x: 0, y: 0, z: 0}
--- !u!137 &137804079340378422
SkinnedMeshRenderer:
  m_ObjectHideFlags: 0
  m_CorrespondingSourceObject: {fileID: 0}
  m_PrefabInstance: {fileID: 0}
  m_PrefabAsset: {fileID: 0}
  m_GameObject: {fileID: 1242545843935320}
  m_Enabled: 1
  m_CastShadows: 0
  m_ReceiveShadows: 0
  m_DynamicOccludee: 0
  m_MotionVectors: 2
  m_LightProbeUsage: 0
  m_ReflectionProbeUsage: 0
  m_RenderingLayerMask: 4294967295
  m_RendererPriority: 0
  m_Materials:
  - {fileID: 2100000, guid: 70e87ac56b6689144b030fb345a8b401, type: 2}
  m_StaticBatchInfo:
    firstSubMesh: 0
    subMeshCount: 0
  m_StaticBatchRoot: {fileID: 0}
  m_ProbeAnchor: {fileID: 0}
  m_LightProbeVolumeOverride: {fileID: 0}
  m_ScaleInLightmap: 1
  m_PreserveUVs: 0
  m_IgnoreNormalsForChartDetection: 0
  m_ImportantGI: 0
  m_StitchLightmapSeams: 0
  m_SelectedEditorRenderState: 3
  m_MinimumChartSize: 4
  m_AutoUVMaxDistance: 0.5
  m_AutoUVMaxAngle: 89
  m_LightmapParameters: {fileID: 0}
  m_SortingLayerID: 0
  m_SortingLayer: 0
  m_SortingOrder: 0
  serializedVersion: 2
  m_Quality: 0
  m_UpdateWhenOffscreen: 0
  m_SkinnedMotionVectors: 1
  m_Mesh: {fileID: 4300006, guid: 03ecf65d34ce0a94aa05f763e553da6e, type: 3}
  m_Bones:
  - {fileID: 4224053736533312}
  m_BlendShapeWeights: []
  m_RootBone: {fileID: 4224053736533312}
  m_AABB:
    m_Center: {x: -0.23249164, y: 0.27249107, z: 0.0000032186508}
    m_Extent: {x: 0.22307387, y: 0.13229114, z: 0.269583}
  m_DirtyAABB: 0
--- !u!1 &1244422875181608
GameObject:
  m_ObjectHideFlags: 0
  m_CorrespondingSourceObject: {fileID: 0}
  m_PrefabInstance: {fileID: 0}
  m_PrefabAsset: {fileID: 0}
  serializedVersion: 6
  m_Component:
  - component: {fileID: 4826823186732806}
  m_Layer: 12
  m_Name: Bip001 L Clavicle
  m_TagString: Untagged
  m_Icon: {fileID: 0}
  m_NavMeshLayer: 0
  m_StaticEditorFlags: 0
  m_IsActive: 1
--- !u!4 &4826823186732806
Transform:
  m_ObjectHideFlags: 0
  m_CorrespondingSourceObject: {fileID: 0}
  m_PrefabInstance: {fileID: 0}
  m_PrefabAsset: {fileID: 0}
  m_GameObject: {fileID: 1244422875181608}
  m_LocalRotation: {x: -0.60876137, y: -0.00024348074, z: 0.79335326, w: -0.00031502295}
  m_LocalPosition: {x: 0.05782196, y: 0.00006123781, z: 0.16291204}
  m_LocalScale: {x: 1, y: 1, z: 1}
  m_Children:
  - {fileID: 4852642237383766}
  m_Father: {fileID: 4829252107697412}
  m_RootOrder: 1
  m_LocalEulerAnglesHint: {x: -1.2806859, y: -76.62544, z: 146.82477}
--- !u!1 &1253122381423202
GameObject:
  m_ObjectHideFlags: 0
  m_CorrespondingSourceObject: {fileID: 0}
  m_PrefabInstance: {fileID: 0}
  m_PrefabAsset: {fileID: 0}
  serializedVersion: 6
  m_Component:
  - component: {fileID: 4354514883196912}
  m_Layer: 12
  m_Name: Bone016
  m_TagString: Untagged
  m_Icon: {fileID: 0}
  m_NavMeshLayer: 0
  m_StaticEditorFlags: 0
  m_IsActive: 1
--- !u!4 &4354514883196912
Transform:
  m_ObjectHideFlags: 0
  m_CorrespondingSourceObject: {fileID: 0}
  m_PrefabInstance: {fileID: 0}
  m_PrefabAsset: {fileID: 0}
  m_GameObject: {fileID: 1253122381423202}
  m_LocalRotation: {x: -0.7817182, y: -0.06204299, z: 0.25224194, w: 0.56695795}
  m_LocalPosition: {x: -0.53672713, y: -0.13029586, z: 0.19501588}
  m_LocalScale: {x: 1.0000004, y: 0.99999994, z: 1.0000004}
  m_Children:
  - {fileID: 4463536526750142}
  - {fileID: 4390102927364282}
  m_Father: {fileID: 4224053736533312}
  m_RootOrder: 0
  m_LocalEulerAnglesHint: {x: 0, y: 0, z: 0}
--- !u!1 &1260247914295164
GameObject:
  m_ObjectHideFlags: 0
  m_CorrespondingSourceObject: {fileID: 0}
  m_PrefabInstance: {fileID: 0}
  m_PrefabAsset: {fileID: 0}
  serializedVersion: 6
  m_Component:
  - component: {fileID: 4666299669738554}
  m_Layer: 12
  m_Name: Bip001 R Calf
  m_TagString: Untagged
  m_Icon: {fileID: 0}
  m_NavMeshLayer: 0
  m_StaticEditorFlags: 0
  m_IsActive: 1
--- !u!4 &4666299669738554
Transform:
  m_ObjectHideFlags: 0
  m_CorrespondingSourceObject: {fileID: 0}
  m_PrefabInstance: {fileID: 0}
  m_PrefabAsset: {fileID: 0}
  m_GameObject: {fileID: 1260247914295164}
  m_LocalRotation: {x: 2.3686634e-14, y: -4.7645e-15, z: 0.0998339, w: 0.9950041}
  m_LocalPosition: {x: -0.15045545, y: 0, z: 0}
  m_LocalScale: {x: 1, y: 1, z: 1}
  m_Children:
  - {fileID: 4176196993528816}
  m_Father: {fileID: 4908635778539038}
  m_RootOrder: 0
  m_LocalEulerAnglesHint: {x: 0.0000000032197456, y: -0.000000012437841, z: 21.714836}
--- !u!1 &1304010429280806
GameObject:
  m_ObjectHideFlags: 0
  m_CorrespondingSourceObject: {fileID: 0}
  m_PrefabInstance: {fileID: 0}
  m_PrefabAsset: {fileID: 0}
  serializedVersion: 6
  m_Component:
  - component: {fileID: 4755723673344986}
  m_Layer: 12
  m_Name: Bone016(mirrored)
  m_TagString: Untagged
  m_Icon: {fileID: 0}
  m_NavMeshLayer: 0
  m_StaticEditorFlags: 0
  m_IsActive: 1
--- !u!4 &4755723673344986
Transform:
  m_ObjectHideFlags: 0
  m_CorrespondingSourceObject: {fileID: 0}
  m_PrefabInstance: {fileID: 0}
  m_PrefabAsset: {fileID: 0}
  m_GameObject: {fileID: 1304010429280806}
  m_LocalRotation: {x: -0.5669565, y: -0.2522421, z: 0.062042613, w: 0.78171927}
  m_LocalPosition: {x: -0.53672713, y: -0.13029538, z: -0.19502012}
  m_LocalScale: {x: 1.0000004, y: 1.0000006, z: 1.0000001}
  m_Children:
  - {fileID: 4589513315037718}
  m_Father: {fileID: 4224053736533312}
  m_RootOrder: 1
  m_LocalEulerAnglesHint: {x: 0, y: 0, z: 0}
--- !u!1 &1326677171922306
GameObject:
  m_ObjectHideFlags: 0
  m_CorrespondingSourceObject: {fileID: 0}
  m_PrefabInstance: {fileID: 0}
  m_PrefabAsset: {fileID: 0}
  serializedVersion: 6
  m_Component:
  - component: {fileID: 4448448830731280}
  m_Layer: 12
  m_Name: SnowballStartPosition
  m_TagString: Untagged
  m_Icon: {fileID: 0}
  m_NavMeshLayer: 0
  m_StaticEditorFlags: 0
  m_IsActive: 1
--- !u!4 &4448448830731280
Transform:
  m_ObjectHideFlags: 0
  m_CorrespondingSourceObject: {fileID: 0}
  m_PrefabInstance: {fileID: 0}
  m_PrefabAsset: {fileID: 0}
  m_GameObject: {fileID: 1326677171922306}
  m_LocalRotation: {x: 0, y: 0, z: 0, w: 1}
  m_LocalPosition: {x: 0.009, y: -0.007, z: 0.1}
  m_LocalScale: {x: 1, y: 1, z: 1}
  m_Children: []
  m_Father: {fileID: 4901426434511754}
  m_RootOrder: 1
  m_LocalEulerAnglesHint: {x: 0, y: 0, z: 0}
--- !u!1 &1330326214238618
GameObject:
  m_ObjectHideFlags: 0
  m_CorrespondingSourceObject: {fileID: 0}
  m_PrefabInstance: {fileID: 0}
  m_PrefabAsset: {fileID: 0}
  serializedVersion: 6
  m_Component:
  - component: {fileID: 4224692865184956}
  m_Layer: 12
  m_Name: Bip001 Spine
  m_TagString: Untagged
  m_Icon: {fileID: 0}
  m_NavMeshLayer: 0
  m_StaticEditorFlags: 0
  m_IsActive: 1
--- !u!4 &4224692865184956
Transform:
  m_ObjectHideFlags: 0
  m_CorrespondingSourceObject: {fileID: 0}
  m_PrefabInstance: {fileID: 0}
  m_PrefabAsset: {fileID: 0}
  m_GameObject: {fileID: 1330326214238618}
  m_LocalRotation: {x: -0.000002080476, y: 0.00000069367604, z: -0.00039815903, w: 0.99999994}
  m_LocalPosition: {x: -0.07880394, y: -0.00010635852, z: 0.000000109432726}
  m_LocalScale: {x: 1, y: 1, z: 1}
  m_Children:
  - {fileID: 4091973521026930}
  - {fileID: 4908635778539038}
  - {fileID: 4106466984927684}
  m_Father: {fileID: 4312086004184354}
  m_RootOrder: 0
  m_LocalEulerAnglesHint: {x: -0.00023840347, y: 0.00007914504, z: -0.045625407}
--- !u!1 &1337169896937400
GameObject:
  m_ObjectHideFlags: 0
  m_CorrespondingSourceObject: {fileID: 0}
  m_PrefabInstance: {fileID: 0}
  m_PrefabAsset: {fileID: 0}
  serializedVersion: 6
  m_Component:
  - component: {fileID: 4091973521026930}
  m_Layer: 12
  m_Name: Bip001 L Thigh
  m_TagString: Untagged
  m_Icon: {fileID: 0}
  m_NavMeshLayer: 0
  m_StaticEditorFlags: 0
  m_IsActive: 1
--- !u!4 &4091973521026930
Transform:
  m_ObjectHideFlags: 0
  m_CorrespondingSourceObject: {fileID: 0}
  m_PrefabInstance: {fileID: 0}
  m_PrefabAsset: {fileID: 0}
  m_GameObject: {fileID: 1337169896937400}
  m_LocalRotation: {x: -0.0067653097, y: 0.9999771, z: 0.0000014647051, w: -0.00000000990941}
  m_LocalPosition: {x: 0.07880381, y: 0.00016868234, z: 0.15882853}
  m_LocalScale: {x: 1, y: 1.0000001, z: 1}
  m_Children:
  - {fileID: 4630771610999850}
  m_Father: {fileID: 4224692865184956}
  m_RootOrder: 0
  m_LocalEulerAnglesHint: {x: 0.002485389, y: -177.39325, z: -11.112835}
--- !u!1 &1373490946899378
GameObject:
  m_ObjectHideFlags: 0
  m_CorrespondingSourceObject: {fileID: 0}
  m_PrefabInstance: {fileID: 0}
  m_PrefabAsset: {fileID: 0}
  serializedVersion: 6
  m_Component:
  - component: {fileID: 4479960793969512}
  m_Layer: 12
  m_Name: Bip001 R Forearm
  m_TagString: Untagged
  m_Icon: {fileID: 0}
  m_NavMeshLayer: 0
  m_StaticEditorFlags: 0
  m_IsActive: 1
--- !u!4 &4479960793969512
Transform:
  m_ObjectHideFlags: 0
  m_CorrespondingSourceObject: {fileID: 0}
  m_PrefabInstance: {fileID: 0}
  m_PrefabAsset: {fileID: 0}
  m_GameObject: {fileID: 1373490946899378}
  m_LocalRotation: {x: -0.0000000011219237, y: 0.000000029839384, z: 0.09983329, w: 0.9950042}
  m_LocalPosition: {x: -0.13221882, y: 0, z: 0}
  m_LocalScale: {x: 0.99999994, y: 1.0000001, z: 1.0000001}
  m_Children:
  - {fileID: 4901426434511754}
  - {fileID: 4691966848625410}
  m_Father: {fileID: 4619280455291750}
  m_RootOrder: 0
  m_LocalEulerAnglesHint: {x: 0.000010508433, y: -0.0000032383673, z: 28.319944}
--- !u!1 &1375170326544564
GameObject:
  m_ObjectHideFlags: 0
  m_CorrespondingSourceObject: {fileID: 0}
  m_PrefabInstance: {fileID: 0}
  m_PrefabAsset: {fileID: 0}
  serializedVersion: 6
  m_Component:
  - component: {fileID: 4901426434511754}
  m_Layer: 12
  m_Name: Bip001 R Hand
  m_TagString: Untagged
  m_Icon: {fileID: 0}
  m_NavMeshLayer: 0
  m_StaticEditorFlags: 0
  m_IsActive: 1
--- !u!4 &4901426434511754
Transform:
  m_ObjectHideFlags: 0
  m_CorrespondingSourceObject: {fileID: 0}
  m_PrefabInstance: {fileID: 0}
  m_PrefabAsset: {fileID: 0}
  m_GameObject: {fileID: 1375170326544564}
  m_LocalRotation: {x: 0.7068252, y: -0, z: -0, w: 0.7073883}
  m_LocalPosition: {x: -0.2526117, y: 0, z: 0}
  m_LocalScale: {x: 0.99999994, y: 1, z: 1}
  m_Children:
  - {fileID: 4267875797068582}
  - {fileID: 4448448830731280}
  m_Father: {fileID: 4479960793969512}
  m_RootOrder: 0
  m_LocalEulerAnglesHint: {x: 89.95576, y: -0.000017193404, z: 0}
--- !u!1 &1376856656888880
GameObject:
  m_ObjectHideFlags: 0
  m_CorrespondingSourceObject: {fileID: 0}
  m_PrefabInstance: {fileID: 0}
  m_PrefabAsset: {fileID: 0}
  serializedVersion: 6
  m_Component:
  - component: {fileID: 4691966848625410}
  m_Layer: 12
  m_Name: Dummy001
  m_TagString: Untagged
  m_Icon: {fileID: 0}
  m_NavMeshLayer: 0
  m_StaticEditorFlags: 0
  m_IsActive: 1
--- !u!4 &4691966848625410
Transform:
  m_ObjectHideFlags: 0
  m_CorrespondingSourceObject: {fileID: 0}
  m_PrefabInstance: {fileID: 0}
  m_PrefabAsset: {fileID: 0}
  m_GameObject: {fileID: 1376856656888880}
  m_LocalRotation: {x: -0.03794435, y: -0.70586985, z: -0.0354849, w: 0.7064339}
  m_LocalPosition: {x: -0.15595916, y: -0.035245486, z: 0.17344444}
  m_LocalScale: {x: 0.99999994, y: 1.0000001, z: 0.9999999}
  m_Children: []
  m_Father: {fileID: 4479960793969512}
  m_RootOrder: 1
  m_LocalEulerAnglesHint: {x: 0, y: 0, z: 0}
--- !u!1 &1389048233838198
GameObject:
  m_ObjectHideFlags: 0
  m_CorrespondingSourceObject: {fileID: 0}
  m_PrefabInstance: {fileID: 0}
  m_PrefabAsset: {fileID: 0}
  serializedVersion: 6
  m_Component:
  - component: {fileID: 4224053736533312}
  m_Layer: 12
  m_Name: Bip001 Head
  m_TagString: Untagged
  m_Icon: {fileID: 0}
  m_NavMeshLayer: 0
  m_StaticEditorFlags: 0
  m_IsActive: 1
--- !u!4 &4224053736533312
Transform:
  m_ObjectHideFlags: 0
  m_CorrespondingSourceObject: {fileID: 0}
  m_PrefabInstance: {fileID: 0}
  m_PrefabAsset: {fileID: 0}
  m_GameObject: {fileID: 1389048233838198}
  m_LocalRotation: {x: 9.18728e-14, y: 0.00000011987949, z: -0.043220934, w: 0.9990655}
  m_LocalPosition: {x: -0.01940918, y: -0.0689024, z: -0.00000010110772}
  m_LocalScale: {x: 1, y: 1, z: 1}
  m_Children:
  - {fileID: 4354514883196912}
  - {fileID: 4755723673344986}
  m_Father: {fileID: 4829252107697412}
  m_RootOrder: 0
  m_LocalEulerAnglesHint: {x: 1.5722423, y: 0.61986876, z: -4.03255}
--- !u!1 &1404141156928036
GameObject:
  m_ObjectHideFlags: 0
  m_CorrespondingSourceObject: {fileID: 0}
  m_PrefabInstance: {fileID: 0}
  m_PrefabAsset: {fileID: 0}
  serializedVersion: 6
  m_Component:
  - component: {fileID: 4829252107697412}
  m_Layer: 12
  m_Name: Bip001 Neck
  m_TagString: Untagged
  m_Icon: {fileID: 0}
  m_NavMeshLayer: 0
  m_StaticEditorFlags: 0
  m_IsActive: 1
--- !u!4 &4829252107697412
Transform:
  m_ObjectHideFlags: 0
  m_CorrespondingSourceObject: {fileID: 0}
  m_PrefabInstance: {fileID: 0}
  m_PrefabAsset: {fileID: 0}
  m_GameObject: {fileID: 1404141156928036}
  m_LocalRotation: {x: -3.0117564e-14, y: -1.110223e-16, z: -3.3437213e-30, w: 1}
  m_LocalPosition: {x: -0.24439079, y: -0.000015498399, z: -4.2987267e-11}
  m_LocalScale: {x: 1, y: 1, z: 1}
  m_Children:
  - {fileID: 4224053736533312}
  - {fileID: 4826823186732806}
  - {fileID: 4393733843754654}
  m_Father: {fileID: 4106466984927684}
  m_RootOrder: 0
  m_LocalEulerAnglesHint: {x: 5.986503, y: 0.7473377, z: 0.94753015}
--- !u!1 &1405572398078298
GameObject:
  m_ObjectHideFlags: 0
  m_CorrespondingSourceObject: {fileID: 0}
  m_PrefabInstance: {fileID: 0}
  m_PrefabAsset: {fileID: 0}
  serializedVersion: 6
  m_Component:
  - component: {fileID: 4790894421116552}
  m_Layer: 12
  m_Name: Bip001 L Toe0
  m_TagString: Untagged
  m_Icon: {fileID: 0}
  m_NavMeshLayer: 0
  m_StaticEditorFlags: 0
  m_IsActive: 1
--- !u!4 &4790894421116552
Transform:
  m_ObjectHideFlags: 0
  m_CorrespondingSourceObject: {fileID: 0}
  m_PrefabInstance: {fileID: 0}
  m_PrefabAsset: {fileID: 0}
  m_GameObject: {fileID: 1405572398078298}
  m_LocalRotation: {x: 9.663525e-22, y: 9.663525e-22, z: -0.7071068, w: 0.7071068}
  m_LocalPosition: {x: -0.00596459, y: 0.03840884, z: 0}
  m_LocalScale: {x: 1, y: 1, z: 1}
  m_Children: []
  m_Father: {fileID: 4432138819274750}
  m_RootOrder: 0
  m_LocalEulerAnglesHint: {x: -0.0000059183044, y: -0.0000000021992754, z: -90}
--- !u!1 &1437110291119072
GameObject:
  m_ObjectHideFlags: 0
  m_CorrespondingSourceObject: {fileID: 0}
  m_PrefabInstance: {fileID: 0}
  m_PrefabAsset: {fileID: 0}
  serializedVersion: 6
  m_Component:
  - component: {fileID: 4463536526750142}
  m_Layer: 12
  m_Name: Bone017
  m_TagString: Untagged
  m_Icon: {fileID: 0}
  m_NavMeshLayer: 0
  m_StaticEditorFlags: 0
  m_IsActive: 1
--- !u!4 &4463536526750142
Transform:
  m_ObjectHideFlags: 0
  m_CorrespondingSourceObject: {fileID: 0}
  m_PrefabInstance: {fileID: 0}
  m_PrefabAsset: {fileID: 0}
  m_GameObject: {fileID: 1437110291119072}
  m_LocalRotation: {x: -0.00000024199343, y: 0.000000017172164, z: -0.009381432, w: 0.999956}
  m_LocalPosition: {x: -0.056021042, y: -0.0000005340576, z: -0.000000038146972}
  m_LocalScale: {x: 0.9999999, y: 0.9999999, z: 0.9999999}
  m_Children:
  - {fileID: 4124933715451378}
  m_Father: {fileID: 4354514883196912}
  m_RootOrder: 0
  m_LocalEulerAnglesHint: {x: 0, y: 0, z: 0}
--- !u!1 &1544829504599042
GameObject:
  m_ObjectHideFlags: 0
  m_CorrespondingSourceObject: {fileID: 0}
  m_PrefabInstance: {fileID: 0}
  m_PrefabAsset: {fileID: 0}
  serializedVersion: 6
  m_Component:
  - component: {fileID: 4124933715451378}
  m_Layer: 12
  m_Name: Bone018
  m_TagString: Untagged
  m_Icon: {fileID: 0}
  m_NavMeshLayer: 0
  m_StaticEditorFlags: 0
  m_IsActive: 1
--- !u!4 &4124933715451378
Transform:
  m_ObjectHideFlags: 0
  m_CorrespondingSourceObject: {fileID: 0}
  m_PrefabInstance: {fileID: 0}
  m_PrefabAsset: {fileID: 0}
  m_GameObject: {fileID: 1544829504599042}
  m_LocalRotation: {x: 0.0017294238, y: 0.043585103, z: -0.039607786, w: 0.99826276}
  m_LocalPosition: {x: -0.061178587, y: 0.000000028610229, z: 0.000000038146972}
  m_LocalScale: {x: 1.0000002, y: 1.0000001, z: 0.99999994}
  m_Children: []
  m_Father: {fileID: 4463536526750142}
  m_RootOrder: 0
  m_LocalEulerAnglesHint: {x: 0, y: 0, z: 0}
--- !u!1 &1574874795573858
GameObject:
  m_ObjectHideFlags: 0
  m_CorrespondingSourceObject: {fileID: 0}
  m_PrefabInstance: {fileID: 0}
  m_PrefabAsset: {fileID: 0}
  serializedVersion: 6
  m_Component:
  - component: {fileID: 4630771610999850}
  m_Layer: 12
  m_Name: Bip001 L Calf
  m_TagString: Untagged
  m_Icon: {fileID: 0}
  m_NavMeshLayer: 0
  m_StaticEditorFlags: 0
  m_IsActive: 1
--- !u!4 &4630771610999850
Transform:
  m_ObjectHideFlags: 0
  m_CorrespondingSourceObject: {fileID: 0}
  m_PrefabInstance: {fileID: 0}
  m_PrefabAsset: {fileID: 0}
  m_GameObject: {fileID: 1574874795573858}
  m_LocalRotation: {x: -1.3791104e-14, y: 1.289847e-14, z: 0.09983414, w: 0.9950041}
  m_LocalPosition: {x: -0.15045543, y: 0.0000000011920929, z: -0.000000009536743}
  m_LocalScale: {x: 1, y: 1, z: 1}
  m_Children:
  - {fileID: 4432138819274750}
  m_Father: {fileID: 4091973521026930}
  m_RootOrder: 0
  m_LocalEulerAnglesHint: {x: 6.1987393e-10, y: 4.3578652e-10, z: 21.707811}
--- !u!1 &1615434144678758
GameObject:
  m_ObjectHideFlags: 0
  m_CorrespondingSourceObject: {fileID: 0}
  m_PrefabInstance: {fileID: 0}
  m_PrefabAsset: {fileID: 0}
  serializedVersion: 6
  m_Component:
  - component: {fileID: 4227380927394170}
  m_Layer: 12
  m_Name: Bone018(mirrored)
  m_TagString: Untagged
  m_Icon: {fileID: 0}
  m_NavMeshLayer: 0
  m_StaticEditorFlags: 0
  m_IsActive: 1
--- !u!4 &4227380927394170
Transform:
  m_ObjectHideFlags: 0
  m_CorrespondingSourceObject: {fileID: 0}
  m_PrefabInstance: {fileID: 0}
  m_PrefabAsset: {fileID: 0}
  m_GameObject: {fileID: 1615434144678758}
  m_LocalRotation: {x: -0.001729303, y: 0.043585088, z: 0.03960773, w: 0.99826276}
  m_LocalPosition: {x: -0.06117874, y: 0.000000038146972, z: 0.000000076293944}
  m_LocalScale: {x: 1, y: 0.9999999, z: 1.0000002}
  m_Children: []
  m_Father: {fileID: 4589513315037718}
  m_RootOrder: 0
  m_LocalEulerAnglesHint: {x: 0, y: 0, z: 0}
--- !u!1 &1640902554384654
GameObject:
  m_ObjectHideFlags: 0
  m_CorrespondingSourceObject: {fileID: 0}
  m_PrefabInstance: {fileID: 0}
  m_PrefabAsset: {fileID: 0}
  serializedVersion: 6
  m_Component:
  - component: {fileID: 4328416976777432}
  - component: {fileID: 95938342973829748}
  - component: {fileID: 1402107823}
  m_Layer: 12
  m_Name: SD_cha
  m_TagString: Untagged
  m_Icon: {fileID: 0}
  m_NavMeshLayer: 0
  m_StaticEditorFlags: 0
  m_IsActive: 1
--- !u!4 &4328416976777432
Transform:
  m_ObjectHideFlags: 0
  m_CorrespondingSourceObject: {fileID: 0}
  m_PrefabInstance: {fileID: 0}
  m_PrefabAsset: {fileID: 0}
  m_GameObject: {fileID: 1640902554384654}
  m_LocalRotation: {x: 0, y: 0, z: 0, w: 1}
  m_LocalPosition: {x: 0, y: 0, z: 0}
  m_LocalScale: {x: 0.38846022, y: 0.38846, z: 0.38846022}
  m_Children:
  - {fileID: 4281275049633544}
  - {fileID: 4001544179074260}
  - {fileID: 7355743208351507043}
  - {fileID: 6295840509408330355}
  - {fileID: 4683293061063748}
  m_Father: {fileID: 4973188255722006}
  m_RootOrder: 0
  m_LocalEulerAnglesHint: {x: 0, y: 0, z: 0}
--- !u!95 &95938342973829748
Animator:
  serializedVersion: 3
  m_ObjectHideFlags: 0
  m_CorrespondingSourceObject: {fileID: 0}
  m_PrefabInstance: {fileID: 0}
  m_PrefabAsset: {fileID: 0}
  m_GameObject: {fileID: 1640902554384654}
  m_Enabled: 1
  m_Avatar: {fileID: 9000000, guid: 03ecf65d34ce0a94aa05f763e553da6e, type: 3}
  m_Controller: {fileID: 9100000, guid: 000fcbd4f07270448b612288cb3aeca3, type: 2}
  m_CullingMode: 1
  m_UpdateMode: 0
  m_ApplyRootMotion: 0
  m_LinearVelocityBlending: 0
  m_WarningMessage: 
  m_HasTransformHierarchy: 1
  m_AllowConstantClipSamplingOptimization: 1
  m_KeepAnimatorControllerStateOnDisable: 0
--- !u!114 &1402107823
MonoBehaviour:
  m_ObjectHideFlags: 0
  m_CorrespondingSourceObject: {fileID: 0}
  m_PrefabInstance: {fileID: 0}
  m_PrefabAsset: {fileID: 0}
  m_GameObject: {fileID: 1640902554384654}
  m_Enabled: 1
  m_EditorHideFlags: 0
  m_Script: {fileID: 11500000, guid: c9ceb4c36846743ac96b660a532516c6, type: 3}
  m_Name: 
  m_EditorClassIdentifier: 
  AttackSpeed: 0
  Stars: {fileID: 0}
  UsualFace: {fileID: 1242545843935320}
  VictoryFace: {fileID: 3808873179557065542}
  DefeatFace: {fileID: 7527119755456545893}
--- !u!1 &1678073679988416
GameObject:
  m_ObjectHideFlags: 0
  m_CorrespondingSourceObject: {fileID: 0}
  m_PrefabInstance: {fileID: 0}
  m_PrefabAsset: {fileID: 0}
  serializedVersion: 6
  m_Component:
  - component: {fileID: 4499631276252796}
  m_Layer: 12
  m_Name: Bip001 L Hand
  m_TagString: Untagged
  m_Icon: {fileID: 0}
  m_NavMeshLayer: 0
  m_StaticEditorFlags: 0
  m_IsActive: 1
--- !u!4 &4499631276252796
Transform:
  m_ObjectHideFlags: 0
  m_CorrespondingSourceObject: {fileID: 0}
  m_PrefabInstance: {fileID: 0}
  m_PrefabAsset: {fileID: 0}
  m_GameObject: {fileID: 1678073679988416}
  m_LocalRotation: {x: -0.7068252, y: -0.000000005266258, z: 0.0000000052704534, w: 0.7073883}
  m_LocalPosition: {x: -0.2526117, y: 0, z: -0.000000038146972}
  m_LocalScale: {x: 1, y: 1.0000001, z: 1}
  m_Children:
  - {fileID: 4188797599250848}
  m_Father: {fileID: 4014089775615484}
  m_RootOrder: 0
  m_LocalEulerAnglesHint: {x: -89.95576, y: 0.0000014795785, z: 0}
--- !u!1 &1698050234805954
GameObject:
  m_ObjectHideFlags: 0
  m_CorrespondingSourceObject: {fileID: 0}
  m_PrefabInstance: {fileID: 0}
  m_PrefabAsset: {fileID: 0}
  serializedVersion: 6
  m_Component:
  - component: {fileID: 4390102927364282}
  - component: {fileID: 137396741689966242}
  m_Layer: 12
  m_Name: ear001
  m_TagString: Untagged
  m_Icon: {fileID: 0}
  m_NavMeshLayer: 0
  m_StaticEditorFlags: 0
  m_IsActive: 1
--- !u!4 &4390102927364282
Transform:
  m_ObjectHideFlags: 0
  m_CorrespondingSourceObject: {fileID: 0}
  m_PrefabInstance: {fileID: 0}
  m_PrefabAsset: {fileID: 0}
  m_GameObject: {fileID: 1698050234805954}
  m_LocalRotation: {x: -0.35702798, y: -0.3743962, z: 0.4447707, w: 0.73112077}
  m_LocalPosition: {x: 1.2610204, y: -0.13297442, z: -0.39823315}
  m_LocalScale: {x: 1, y: 0.9999996, z: 0.9999995}
  m_Children: []
  m_Father: {fileID: 4354514883196912}
  m_RootOrder: 1
  m_LocalEulerAnglesHint: {x: 0, y: 0, z: 0}
--- !u!137 &137396741689966242
SkinnedMeshRenderer:
  m_ObjectHideFlags: 0
  m_CorrespondingSourceObject: {fileID: 0}
  m_PrefabInstance: {fileID: 0}
  m_PrefabAsset: {fileID: 0}
  m_GameObject: {fileID: 1698050234805954}
  m_Enabled: 1
  m_CastShadows: 0
  m_ReceiveShadows: 1
  m_DynamicOccludee: 1
  m_MotionVectors: 1
  m_LightProbeUsage: 1
  m_ReflectionProbeUsage: 1
  m_RenderingLayerMask: 4294967295
  m_RendererPriority: 0
  m_Materials:
  - {fileID: 2100000, guid: 3e87767d703c36448824dae143111cbc, type: 2}
  m_StaticBatchInfo:
    firstSubMesh: 0
    subMeshCount: 0
  m_StaticBatchRoot: {fileID: 0}
  m_ProbeAnchor: {fileID: 0}
  m_LightProbeVolumeOverride: {fileID: 0}
  m_ScaleInLightmap: 1
  m_PreserveUVs: 0
  m_IgnoreNormalsForChartDetection: 0
  m_ImportantGI: 0
  m_StitchLightmapSeams: 0
  m_SelectedEditorRenderState: 3
  m_MinimumChartSize: 4
  m_AutoUVMaxDistance: 0.5
  m_AutoUVMaxAngle: 89
  m_LightmapParameters: {fileID: 0}
  m_SortingLayerID: 0
  m_SortingLayer: 0
  m_SortingOrder: 0
  serializedVersion: 2
  m_Quality: 0
  m_UpdateWhenOffscreen: 0
  m_SkinnedMotionVectors: 1
  m_Mesh: {fileID: 4300000, guid: 03ecf65d34ce0a94aa05f763e553da6e, type: 3}
  m_Bones:
  - {fileID: 4354514883196912}
  - {fileID: 4124933715451378}
  - {fileID: 4755723673344986}
  - {fileID: 4227380927394170}
  - {fileID: 4589513315037718}
  - {fileID: 4463536526750142}
  m_BlendShapeWeights: []
  m_RootBone: {fileID: 4755723673344986}
  m_AABB:
    m_Center: {x: -0.011964947, y: -0.24054988, z: 0.08372527}
    m_Extent: {x: 0.2229878, y: 0.36141655, z: 0.15753196}
  m_DirtyAABB: 0
--- !u!1 &1802056227619994
GameObject:
  m_ObjectHideFlags: 0
  m_CorrespondingSourceObject: {fileID: 0}
  m_PrefabInstance: {fileID: 0}
  m_PrefabAsset: {fileID: 0}
  serializedVersion: 6
  m_Component:
  - component: {fileID: 4589513315037718}
  m_Layer: 12
  m_Name: Bone017(mirrored)
  m_TagString: Untagged
  m_Icon: {fileID: 0}
  m_NavMeshLayer: 0
  m_StaticEditorFlags: 0
  m_IsActive: 1
--- !u!4 &4589513315037718
Transform:
  m_ObjectHideFlags: 0
  m_CorrespondingSourceObject: {fileID: 0}
  m_PrefabInstance: {fileID: 0}
  m_PrefabAsset: {fileID: 0}
  m_GameObject: {fileID: 1802056227619994}
  m_LocalRotation: {x: 0.00000025568514, y: -0.0000002509321, z: 0.009381469, w: 0.999956}
  m_LocalPosition: {x: -0.056020964, y: 0.00000050544736, z: -0.00000022888183}
  m_LocalScale: {x: 0.99999994, y: 0.9999999, z: 1}
  m_Children:
  - {fileID: 4227380927394170}
  m_Father: {fileID: 4755723673344986}
  m_RootOrder: 0
  m_LocalEulerAnglesHint: {x: 0, y: 0, z: 0}
--- !u!1 &1804477106161408
GameObject:
  m_ObjectHideFlags: 0
  m_CorrespondingSourceObject: {fileID: 0}
  m_PrefabInstance: {fileID: 0}
  m_PrefabAsset: {fileID: 0}
  serializedVersion: 6
  m_Component:
  - component: {fileID: 4176196993528816}
  m_Layer: 12
  m_Name: Bip001 R Foot
  m_TagString: Untagged
  m_Icon: {fileID: 0}
  m_NavMeshLayer: 0
  m_StaticEditorFlags: 0
  m_IsActive: 1
--- !u!4 &4176196993528816
Transform:
  m_ObjectHideFlags: 0
  m_CorrespondingSourceObject: {fileID: 0}
  m_PrefabInstance: {fileID: 0}
  m_PrefabAsset: {fileID: 0}
  m_GameObject: {fileID: 1804477106161408}
  m_LocalRotation: {x: -0.000000022445324, y: -0.00000004088936, z: -0.09349716, w: 0.99561954}
  m_LocalPosition: {x: -0.12976043, y: -0.0000000011920929, z: 0}
  m_LocalScale: {x: 1, y: 0.99999994, z: 1}
  m_Children:
  - {fileID: 4369179727325414}
  m_Father: {fileID: 4666299669738554}
  m_RootOrder: 0
  m_LocalEulerAnglesHint: {x: -0.041684013, y: -0.16484416, z: -11.192194}
--- !u!1 &1843498595747410
GameObject:
  m_ObjectHideFlags: 0
  m_CorrespondingSourceObject: {fileID: 0}
  m_PrefabInstance: {fileID: 0}
  m_PrefabAsset: {fileID: 0}
  serializedVersion: 6
  m_Component:
  - component: {fileID: 4106466984927684}
  m_Layer: 12
  m_Name: Bip001 Spine1
  m_TagString: Untagged
  m_Icon: {fileID: 0}
  m_NavMeshLayer: 0
  m_StaticEditorFlags: 0
  m_IsActive: 1
--- !u!4 &4106466984927684
Transform:
  m_ObjectHideFlags: 0
  m_CorrespondingSourceObject: {fileID: 0}
  m_PrefabInstance: {fileID: 0}
  m_PrefabAsset: {fileID: 0}
  m_GameObject: {fileID: 1843498595747410}
  m_LocalRotation: {x: -3.0117564e-14, y: -1.110223e-16, z: -3.3437213e-30, w: 1}
  m_LocalPosition: {x: -0.1335896, y: -0.000194602, z: -5.3974986e-10}
  m_LocalScale: {x: 1, y: 1, z: 1}
  m_Children:
  - {fileID: 4829252107697412}
  m_Father: {fileID: 4224692865184956}
  m_RootOrder: 2
  m_LocalEulerAnglesHint: {x: -7.97525, y: -1.4323668, z: -1.0932049}
--- !u!1 &1889771160918506
GameObject:
  m_ObjectHideFlags: 0
  m_CorrespondingSourceObject: {fileID: 0}
  m_PrefabInstance: {fileID: 0}
  m_PrefabAsset: {fileID: 0}
  serializedVersion: 6
  m_Component:
  - component: {fileID: 4014089775615484}
  m_Layer: 12
  m_Name: Bip001 L Forearm
  m_TagString: Untagged
  m_Icon: {fileID: 0}
  m_NavMeshLayer: 0
  m_StaticEditorFlags: 0
  m_IsActive: 1
--- !u!4 &4014089775615484
Transform:
  m_ObjectHideFlags: 0
  m_CorrespondingSourceObject: {fileID: 0}
  m_PrefabInstance: {fileID: 0}
  m_PrefabAsset: {fileID: 0}
  m_GameObject: {fileID: 1889771160918506}
  m_LocalRotation: {x: -7.3141554e-10, y: -0.00000003002534, z: 0.0998333, w: 0.9950042}
  m_LocalPosition: {x: -0.13221882, y: 0, z: 0}
  m_LocalScale: {x: 0.9999998, y: 1, z: 1}
  m_Children:
  - {fileID: 4499631276252796}
  m_Father: {fileID: 4852642237383766}
  m_RootOrder: 0
  m_LocalEulerAnglesHint: {x: 0.0000051759635, y: -0.000003868629, z: 23.46174}
--- !u!1 &1932213770821276
GameObject:
  m_ObjectHideFlags: 0
  m_CorrespondingSourceObject: {fileID: 0}
  m_PrefabInstance: {fileID: 0}
  m_PrefabAsset: {fileID: 0}
  serializedVersion: 6
  m_Component:
  - component: {fileID: 4267875797068582}
  m_Layer: 12
  m_Name: Bip001 R Finger0
  m_TagString: Untagged
  m_Icon: {fileID: 0}
  m_NavMeshLayer: 0
  m_StaticEditorFlags: 0
  m_IsActive: 1
--- !u!4 &4267875797068582
Transform:
  m_ObjectHideFlags: 0
  m_CorrespondingSourceObject: {fileID: 0}
  m_PrefabInstance: {fileID: 0}
  m_PrefabAsset: {fileID: 0}
  m_GameObject: {fileID: 1932213770821276}
  m_LocalRotation: {x: 0.00039813857, y: 0.0000000074505793, z: -2.9663633e-12, w: 0.99999994}
  m_LocalPosition: {x: -0.032440107, y: 0, z: -0.000000009536743}
  m_LocalScale: {x: 0.99999994, y: 0.99999994, z: 1}
  m_Children: []
  m_Father: {fileID: 4901426434511754}
  m_RootOrder: 0
  m_LocalEulerAnglesHint: {x: 0.045622636, y: -2.9453315e-10, z: -0.00000036989468}
--- !u!1 &1993712505803382
GameObject:
  m_ObjectHideFlags: 0
  m_CorrespondingSourceObject: {fileID: 0}
  m_PrefabInstance: {fileID: 0}
  m_PrefabAsset: {fileID: 0}
  serializedVersion: 6
  m_Component:
  - component: {fileID: 4393733843754654}
  m_Layer: 12
  m_Name: Bip001 R Clavicle
  m_TagString: Untagged
  m_Icon: {fileID: 0}
  m_NavMeshLayer: 0
  m_StaticEditorFlags: 0
  m_IsActive: 1
--- !u!4 &4393733843754654
Transform:
  m_ObjectHideFlags: 0
  m_CorrespondingSourceObject: {fileID: 0}
  m_PrefabInstance: {fileID: 0}
  m_PrefabAsset: {fileID: 0}
  m_GameObject: {fileID: 1993712505803382}
  m_LocalRotation: {x: 0.60876137, y: 0.00024130168, z: 0.79335326, w: -0.00031673926}
  m_LocalPosition: {x: 0.05782196, y: 0.00006214261, z: -0.16291204}
  m_LocalScale: {x: 1, y: 1, z: 1}
  m_Children:
  - {fileID: 4619280455291750}
  m_Father: {fileID: 4829252107697412}
  m_RootOrder: 2
  m_LocalEulerAnglesHint: {x: 1.6618307, y: 67.72968, z: -177.81409}
--- !u!1 &3808873179557065542
GameObject:
  m_ObjectHideFlags: 0
  m_CorrespondingSourceObject: {fileID: 0}
  m_PrefabInstance: {fileID: 0}
  m_PrefabAsset: {fileID: 0}
  serializedVersion: 6
  m_Component:
  - component: {fileID: 7355743208351507043}
  - component: {fileID: 3086887271302405441}
  m_Layer: 12
  m_Name: Victory Face
  m_TagString: Untagged
  m_Icon: {fileID: 0}
  m_NavMeshLayer: 0
  m_StaticEditorFlags: 0
  m_IsActive: 0
--- !u!4 &7355743208351507043
Transform:
  m_ObjectHideFlags: 0
  m_CorrespondingSourceObject: {fileID: 0}
  m_PrefabInstance: {fileID: 0}
  m_PrefabAsset: {fileID: 0}
  m_GameObject: {fileID: 3808873179557065542}
  m_LocalRotation: {x: -0.7071068, y: -0.000000014901161, z: -0.000000014901161, w: 0.7071068}
  m_LocalPosition: {x: 0, y: 0, z: 0}
  m_LocalScale: {x: 1, y: 1, z: 1}
  m_Children: []
  m_Father: {fileID: 4328416976777432}
  m_RootOrder: 2
  m_LocalEulerAnglesHint: {x: 0, y: 0, z: 0}
--- !u!137 &3086887271302405441
SkinnedMeshRenderer:
  m_ObjectHideFlags: 0
  m_CorrespondingSourceObject: {fileID: 0}
  m_PrefabInstance: {fileID: 0}
  m_PrefabAsset: {fileID: 0}
  m_GameObject: {fileID: 3808873179557065542}
  m_Enabled: 1
  m_CastShadows: 0
  m_ReceiveShadows: 0
  m_DynamicOccludee: 0
  m_MotionVectors: 2
  m_LightProbeUsage: 0
  m_ReflectionProbeUsage: 0
  m_RenderingLayerMask: 4294967295
  m_RendererPriority: 0
  m_Materials:
  - {fileID: 2100000, guid: 601a45c3010819946947a3db08e61542, type: 2}
  m_StaticBatchInfo:
    firstSubMesh: 0
    subMeshCount: 0
  m_StaticBatchRoot: {fileID: 0}
  m_ProbeAnchor: {fileID: 0}
  m_LightProbeVolumeOverride: {fileID: 0}
  m_ScaleInLightmap: 1
  m_PreserveUVs: 0
  m_IgnoreNormalsForChartDetection: 0
  m_ImportantGI: 0
  m_StitchLightmapSeams: 0
  m_SelectedEditorRenderState: 3
  m_MinimumChartSize: 4
  m_AutoUVMaxDistance: 0.5
  m_AutoUVMaxAngle: 89
  m_LightmapParameters: {fileID: 0}
  m_SortingLayerID: 0
  m_SortingLayer: 0
  m_SortingOrder: 0
  serializedVersion: 2
  m_Quality: 0
  m_UpdateWhenOffscreen: 0
  m_SkinnedMotionVectors: 1
  m_Mesh: {fileID: 4300006, guid: 03ecf65d34ce0a94aa05f763e553da6e, type: 3}
  m_Bones:
  - {fileID: 4224053736533312}
  m_BlendShapeWeights: []
  m_RootBone: {fileID: 4224053736533312}
  m_AABB:
    m_Center: {x: -0.23249164, y: 0.27249107, z: 0.0000032186508}
    m_Extent: {x: 0.22307387, y: 0.13229114, z: 0.269583}
  m_DirtyAABB: 0
--- !u!1 &7527119755456545893
GameObject:
  m_ObjectHideFlags: 0
  m_CorrespondingSourceObject: {fileID: 0}
  m_PrefabInstance: {fileID: 0}
  m_PrefabAsset: {fileID: 0}
  serializedVersion: 6
  m_Component:
  - component: {fileID: 6295840509408330355}
  - component: {fileID: 6980672575518447597}
  m_Layer: 12
  m_Name: Defeat Face
  m_TagString: Untagged
  m_Icon: {fileID: 0}
  m_NavMeshLayer: 0
  m_StaticEditorFlags: 0
  m_IsActive: 0
--- !u!4 &6295840509408330355
Transform:
  m_ObjectHideFlags: 0
  m_CorrespondingSourceObject: {fileID: 0}
  m_PrefabInstance: {fileID: 0}
  m_PrefabAsset: {fileID: 0}
  m_GameObject: {fileID: 7527119755456545893}
  m_LocalRotation: {x: -0.7071068, y: -0.000000014901161, z: -0.000000014901161, w: 0.7071068}
  m_LocalPosition: {x: 0, y: 0, z: 0}
  m_LocalScale: {x: 1, y: 1, z: 1}
  m_Children: []
  m_Father: {fileID: 4328416976777432}
  m_RootOrder: 3
  m_LocalEulerAnglesHint: {x: 0, y: 0, z: 0}
--- !u!137 &6980672575518447597
SkinnedMeshRenderer:
  m_ObjectHideFlags: 0
  m_CorrespondingSourceObject: {fileID: 0}
  m_PrefabInstance: {fileID: 0}
  m_PrefabAsset: {fileID: 0}
  m_GameObject: {fileID: 7527119755456545893}
  m_Enabled: 1
  m_CastShadows: 0
  m_ReceiveShadows: 0
  m_DynamicOccludee: 0
  m_MotionVectors: 2
  m_LightProbeUsage: 0
  m_ReflectionProbeUsage: 0
  m_RenderingLayerMask: 4294967295
  m_RendererPriority: 0
  m_Materials:
  - {fileID: 2100000, guid: b3278ed9744279a4996e8532d7f2c0c6, type: 2}
  m_StaticBatchInfo:
    firstSubMesh: 0
    subMeshCount: 0
  m_StaticBatchRoot: {fileID: 0}
  m_ProbeAnchor: {fileID: 0}
  m_LightProbeVolumeOverride: {fileID: 0}
  m_ScaleInLightmap: 1
  m_PreserveUVs: 0
  m_IgnoreNormalsForChartDetection: 0
  m_ImportantGI: 0
  m_StitchLightmapSeams: 0
  m_SelectedEditorRenderState: 3
  m_MinimumChartSize: 4
  m_AutoUVMaxDistance: 0.5
  m_AutoUVMaxAngle: 89
  m_LightmapParameters: {fileID: 0}
  m_SortingLayerID: 0
  m_SortingLayer: 0
  m_SortingOrder: 0
  serializedVersion: 2
  m_Quality: 0
  m_UpdateWhenOffscreen: 0
  m_SkinnedMotionVectors: 1
  m_Mesh: {fileID: 4300006, guid: 03ecf65d34ce0a94aa05f763e553da6e, type: 3}
  m_Bones:
  - {fileID: 4224053736533312}
  m_BlendShapeWeights: []
  m_RootBone: {fileID: 4224053736533312}
  m_AABB:
    m_Center: {x: -0.23249164, y: 0.27249107, z: 0.0000032186508}
    m_Extent: {x: 0.22307387, y: 0.13229114, z: 0.269583}
  m_DirtyAABB: 0
