%YAML 1.1
%TAG !u! tag:unity3d.com,2011:
--- !u!1001 &100100000
Prefab:
  m_ObjectHideFlags: 1
  serializedVersion: 2
  m_Modification:
    m_TransformParent: {fileID: 0}
    m_Modifications: []
    m_RemovedComponents: []
  m_SourcePrefab: {fileID: 0}
  m_RootGameObject: {fileID: 1181481460880756}
  m_IsPrefabAsset: 1
--- !u!1 &1181481460880756
GameObject:
  m_ObjectHideFlags: 0
  m_CorrespondingSourceObject: {fileID: 0}
  m_PrefabInternal: {fileID: 100100000}
  serializedVersion: 6
  m_Component:
  - component: {fileID: 4330611481100518}
  - component: {fileID: 114033749558462272}
  m_Layer: 0
  m_Name: Spline
  m_TagString: Untagged
  m_Icon: {fileID: 0}
  m_NavMeshLayer: 0
  m_StaticEditorFlags: 0
  m_IsActive: 1
--- !u!1 &1207890190371158
GameObject:
  m_ObjectHideFlags: 0
  m_CorrespondingSourceObject: {fileID: 0}
  m_PrefabInternal: {fileID: 100100000}
  serializedVersion: 6
  m_Component:
  - component: {fileID: 4967051291721168}
  - component: {fileID: 114336264292597920}
  m_Layer: 0
  m_Name: ctrl point
  m_TagString: Untagged
  m_Icon: {fileID: 0}
  m_NavMeshLayer: 0
  m_StaticEditorFlags: 0
  m_IsActive: 0
--- !u!1 &1335463639583842
GameObject:
  m_ObjectHideFlags: 0
  m_CorrespondingSourceObject: {fileID: 0}
  m_PrefabInternal: {fileID: 100100000}
  serializedVersion: 6
  m_Component:
  - component: {fileID: 4166580994048892}
  - component: {fileID: 114655661081805148}
  m_Layer: 0
  m_Name: ctrl point
  m_TagString: Untagged
  m_Icon: {fileID: 0}
  m_NavMeshLayer: 0
  m_StaticEditorFlags: 0
  m_IsActive: 0
--- !u!1 &1339922932467764
GameObject:
  m_ObjectHideFlags: 0
  m_CorrespondingSourceObject: {fileID: 0}
  m_PrefabInternal: {fileID: 100100000}
  serializedVersion: 6
  m_Component:
  - component: {fileID: 4193385145468840}
  - component: {fileID: 114540677666786598}
  m_Layer: 0
  m_Name: ctrl point
  m_TagString: Untagged
  m_Icon: {fileID: 0}
  m_NavMeshLayer: 0
  m_StaticEditorFlags: 0
  m_IsActive: 0
--- !u!1 &1836590121659996
GameObject:
  m_ObjectHideFlags: 0
  m_CorrespondingSourceObject: {fileID: 0}
  m_PrefabInternal: {fileID: 100100000}
  serializedVersion: 6
  m_Component:
  - component: {fileID: 4021735895737180}
  - component: {fileID: 114800633899489484}
  m_Layer: 0
  m_Name: ctrl point
  m_TagString: Untagged
  m_Icon: {fileID: 0}
  m_NavMeshLayer: 0
  m_StaticEditorFlags: 0
  m_IsActive: 0
--- !u!4 &4021735895737180
Transform:
  m_ObjectHideFlags: 1
  m_CorrespondingSourceObject: {fileID: 0}
  m_PrefabInternal: {fileID: 100100000}
  m_GameObject: {fileID: 1836590121659996}
  m_LocalRotation: {x: 0.11840905, y: 0.6971222, z: -0.11840905, w: 0.69712216}
  m_LocalPosition: {x: 3.3333335, y: 0.583, z: 0}
  m_LocalScale: {x: 1, y: 1, z: 1}
  m_Children: []
  m_Father: {fileID: 4330611481100518}
  m_RootOrder: 2
  m_LocalEulerAnglesHint: {x: 0, y: 0, z: 0}
--- !u!4 &4166580994048892
Transform:
  m_ObjectHideFlags: 1
  m_CorrespondingSourceObject: {fileID: 0}
  m_PrefabInternal: {fileID: 100100000}
  m_GameObject: {fileID: 1335463639583842}
  m_LocalRotation: {x: -0.051349867, y: 0.7052398, z: 0.051349867, w: 0.70523983}
  m_LocalPosition: {x: 1.6666667, y: 0.244, z: 0}
  m_LocalScale: {x: 1, y: 1, z: 1}
  m_Children: []
  m_Father: {fileID: 4330611481100518}
  m_RootOrder: 1
  m_LocalEulerAnglesHint: {x: 0, y: 0, z: 0}
--- !u!4 &4193385145468840
Transform:
  m_ObjectHideFlags: 1
  m_CorrespondingSourceObject: {fileID: 0}
  m_PrefabInternal: {fileID: 100100000}
  m_GameObject: {fileID: 1339922932467764}
  m_LocalRotation: {x: 0.11840905, y: 0.6971222, z: -0.11840905, w: 0.69712216}
  m_LocalPosition: {x: 5, y: 0, z: 0}
  m_LocalScale: {x: 1, y: 1, z: 1}
  m_Children: []
  m_Father: {fileID: 4330611481100518}
  m_RootOrder: 3
  m_LocalEulerAnglesHint: {x: 0, y: 0, z: 0}
--- !u!4 &4330611481100518
Transform:
  m_ObjectHideFlags: 1
  m_CorrespondingSourceObject: {fileID: 0}
  m_PrefabInternal: {fileID: 100100000}
  m_GameObject: {fileID: 1181481460880756}
  m_LocalRotation: {x: 0, y: 0, z: 0, w: 1}
  m_LocalPosition: {x: -0.8305664, y: -0.73573303, z: 12.716553}
  m_LocalScale: {x: 1, y: 1, z: 1}
  m_Children:
  - {fileID: 4967051291721168}
  - {fileID: 4166580994048892}
  - {fileID: 4021735895737180}
  - {fileID: 4193385145468840}
  m_Father: {fileID: 0}
  m_RootOrder: 0
  m_LocalEulerAnglesHint: {x: 0, y: 0, z: 0}
--- !u!4 &4967051291721168
Transform:
  m_ObjectHideFlags: 1
  m_CorrespondingSourceObject: {fileID: 0}
  m_PrefabInternal: {fileID: 100100000}
  m_GameObject: {fileID: 1207890190371158}
  m_LocalRotation: {x: -0.051349867, y: 0.7052398, z: 0.051349867, w: 0.70523983}
  m_LocalPosition: {x: 0, y: 0, z: 0}
  m_LocalScale: {x: 1, y: 1, z: 1}
  m_Children: []
  m_Father: {fileID: 4330611481100518}
  m_RootOrder: 0
  m_LocalEulerAnglesHint: {x: 0, y: 0, z: 0}
--- !u!114 &114033749558462272
MonoBehaviour:
  m_ObjectHideFlags: 1
  m_CorrespondingSourceObject: {fileID: 0}
  m_PrefabInternal: {fileID: 100100000}
  m_GameObject: {fileID: 1181481460880756}
  m_Enabled: 1
  m_EditorHideFlags: 0
  m_Script: {fileID: 11500000, guid: bdd0031789a6fa240978ffc9df19cbc7, type: 3}
  m_Name: 
  m_EditorClassIdentifier: 
  m_persistentVersions: 3200000000000000
  m_modes: 0200000002000000
  m_points:
  - {x: 0, y: 0, z: 0}
  - {x: 1.6666667, y: 0.244, z: 0}
  - {x: 3.3333335, y: 0.583, z: 0}
  - {x: 5, y: 0, z: 0}
  m_settings:
  - Twist:
      Data: 0
      T1: 0
      T2: 1
    Thickness:
      Data:
        X: 1
        Y: 1
        Z: 1
      T1: 0
      T2: 1
    Branches: []
  - Twist:
      Data: 0
      T1: 0
      T2: 1
    Thickness:
      Data:
        X: 1
        Y: 1
        Z: 1
      T1: 0
      T2: 1
    Branches: []
  m_loop: 0
  m_prevSpline: {fileID: 0}
  m_prevControlPointIndex: -1
  m_nextSpline: {fileID: 0}
  m_nextControlPointIndex: -1
  m_branches: []
  m_parent: {fileID: 0}
  m_children: []
--- !u!114 &114336264292597920
MonoBehaviour:
  m_ObjectHideFlags: 1
  m_CorrespondingSourceObject: {fileID: 0}
  m_PrefabInternal: {fileID: 100100000}
  m_GameObject: {fileID: 1207890190371158}
  m_Enabled: 1
  m_EditorHideFlags: 0
  m_Script: {fileID: 11500000, guid: 510587f5a8583744fbafe8186eb59e38, type: 3}
  m_Name: 
  m_EditorClassIdentifier: 
  m_index: 0
--- !u!114 &114540677666786598
MonoBehaviour:
  m_ObjectHideFlags: 1
  m_CorrespondingSourceObject: {fileID: 0}
  m_PrefabInternal: {fileID: 100100000}
  m_GameObject: {fileID: 1339922932467764}
  m_Enabled: 1
  m_EditorHideFlags: 0
  m_Script: {fileID: 11500000, guid: 510587f5a8583744fbafe8186eb59e38, type: 3}
  m_Name: 
  m_EditorClassIdentifier: 
  m_index: 3
--- !u!114 &114655661081805148
MonoBehaviour:
  m_ObjectHideFlags: 1
  m_CorrespondingSourceObject: {fileID: 0}
  m_PrefabInternal: {fileID: 100100000}
  m_GameObject: {fileID: 1335463639583842}
  m_Enabled: 1
  m_EditorHideFlags: 0
  m_Script: {fileID: 11500000, guid: 510587f5a8583744fbafe8186eb59e38, type: 3}
  m_Name: 
  m_EditorClassIdentifier: 
  m_index: 1
--- !u!114 &114800633899489484
MonoBehaviour:
  m_ObjectHideFlags: 1
  m_CorrespondingSourceObject: {fileID: 0}
  m_PrefabInternal: {fileID: 100100000}
  m_GameObject: {fileID: 1836590121659996}
  m_Enabled: 1
  m_EditorHideFlags: 0
  m_Script: {fileID: 11500000, guid: 510587f5a8583744fbafe8186eb59e38, type: 3}
  m_Name: 
  m_EditorClassIdentifier: 
  m_index: 2
